<?xml version="1.0" encoding="UTF-8"?><record xmlns="http://www.loc.gov/MARC21/slim" xmlns:cinclude="http://apache.org/cocoon/include/1.0" xmlns:zs="http://www.loc.gov/zing/srw/">
  <leader>00697cz  a2200145n  4500</leader>
  <controlfield tag="001">n  82234597 </controlfield>
  <controlfield tag="003">DLC</controlfield>
  <controlfield tag="005">20120807082431.0</controlfield>
  <controlfield tag="008">840116n| acannaab           |a ana      </controlfield>
  <datafield tag="010" ind1=" " ind2=" ">
    <subfield code="a">n  82234597 </subfield>
  </datafield>
  <datafield tag="040" ind1=" " ind2=" ">
    <subfield code="a">DLC</subfield>
    <subfield code="b">eng</subfield>
    <subfield code="c">DLC</subfield>
    <subfield code="d">DLC</subfield>
  </datafield>
  <datafield tag="111" ind1="2" ind2=" ">
    <subfield code="a">Conference on Rare Law Books</subfield>
    <subfield code="d">(1981 :</subfield>
    <subfield code="c">University of Texas at Austin)</subfield>
  </datafield>
  <datafield tag="411" ind1="2" ind2=" ">
    <subfield code="a">Rare Law Books, Conference on</subfield>
  </datafield>
  <datafield tag="667" ind1=" " ind2=" ">
    <subfield code="a">THIS 1XX FIELD CANNOT BE USED UNDER RDA UNTIL THIS RECORD HAS BEEN REVIEWED AND/OR UPDATED</subfield>
  </datafield>
  <datafield tag="670" ind1=" " ind2=" ">
    <subfield code="a">Collecting and managing rare law books, c1981:</subfield>
    <subfield code="b">t.p. (Conference celebrating the dedication of the New Tarlton Law Library, the University of Texas at Austin School of Law, Jan. 7 &amp; 8, 1981) p. 561 (Conference on Rare Law Books)</subfield>
  </datafield>
</record>